@online{kds,
    author = {Kerry, International Dark-Sky Reserve},
    title = {About us},
    year = {accessed 2018-11-25},
    url = {http://kerrydarksky.com/}
}

@online{ida,
    author = {IDA},
    title = {International Dark Sky Reserves},
    year = {accessed 2018-11-25},
    url = {https://www.darksky.org/our-work/conservation/idsp/reserves/}
}

@article{photopollution,
    author = {F.J. Verheijin},
    title = {Photopollution: Artificial light optic spatial control systems fail to cope with. Incidents, causation, remedies},
    journaltitle = {Experimental biology},
    page = {82},
    year = {1983}
}

@article{radiowave,
    author = {Hans van de Groenendall},
    title = {Man-made pollution of radio spectrum is a growing problem},
    journaltitle = {EngineerIT},
    year = {January 28th, 2016}
}

@online{pdgeo,
    author = {Matt Rosenberg, Geography.about.com},
    title = {Population density},
    year = {accessed 2018-12-03},
    url = {http://geography.about.com/od/populationgeography/a/popdensity.htm}
}

@online{vox,
    author = {Brad Plumer},
    title = {The night sky is vanishing: 80\% of Americans can no longer see the Milky Way Galaxy},
    year = {accessed 2018-11-25},
    url = {https://www.vox.com/2016/6/10/11905390/light-pollution-night-sky}
}

@online{irishtimes,
    author = {Kevin O'Sullivan},
    title = {Only 5 per cent of Ireland $'$s night skies are free from artificial light\, says expert},
    year = {accessed 2018-11-25},
    url = {https://www.irishtimes.com/news/science/only-5-per-cent-of-ireland-s-night-skies-are-free-from-artificial-light-says-expert-1.3419673}
}

@online{prob,
    author = {Ask about Ireland},
    title = {Light Pollution},
    year = {accessed 2018-12-17},
    url = {http://www.askaboutireland.ie/enfo/irelands-environment/noise/light/}
}

@online{turtles,
    author = {Sea Turtle Conservancy},
    title = {Information About Sea Turtles: Threats from Artificial Lighting},
    year = {accessed 2018-12-17},
    url = {https://conserveturtles.org/information-sea-turtles-threats-artificial-lighting/}
}

@online{espey,
    author = {Prof. Brian Espey, TCD},
    title = {Light Pollution in the Irish Context: historical changes & recent data},
    year = {accessed 2018-11-25},
    url = {https://www.tcd.ie/Physics/news-events/events/light@night/abstracts/pdfs/Espey_LAN_20Apr2016_for_web.pdf}
}

@online{1991,
    author = {Central Statistics Office},
    title = {A0106: 1996 Population Density, and Area Size by Electoral Division, Census Year, and Statistic},
    year = {accessed 2018-12-30},
    url = {https://www.cso.ie/px/pxeirestat/statire/SelectVarVal/Define.asp?MainTable=A0106&PLanguage=0&PXSId=0}
}

@online{2016CensusTowns,
    author = {Central Statistics Office},
    title = {E2014: Population Density, and Area Size 2016 by Towns by Size, CensusYear, and Statistic},
    year = {accessed 2018-12-30},
    url = {https://www.cso.ie/px/pxeirestat/statire/SelectVarVal/Define.asp?MainTable=E2014&PLanguage=0&PXSId=0}
}

@online{2016ElectoralDiv,
    author = {Central Statistics Office},
    title = {E2013: Population Density, and Area Size 2016 by Electoral Division, Census Year, and Statistic},
    year = {accessed 2018-12-30},
    url = {https://www.cso.ie/px/pxeirestat/statire/SelectVarVal/Define.asp?MainTable=E2013&PLanguage=0&PXSId=0}
}

@online{munster,
    author = {CITY POPULATION},
    title = {Munster, Providence in Ireland.},
    year = {accessed 2018-12-30},
    url = {https://www.citypopulation.de/php/ireland-admin.php?adm1id=MUN}
}

@article{uncertain,
    author = {A Upgren},
    title = {The Measurement of Light Pollution and the Population of Cities},
    journal = {IAU Colloq 112 \: Light Pollution\, Radio Interference\, and Space Debris},
    year = {1991},
    publisher = {[Astronomical Society of the Pacific Conference Series]},
    volume = {17},
    pages = {79},
}

@article{walkerlaw,
    author = {Richard C. Shirkey},
    title = {Sky Glow from Cities\:
    The Army Illumination Model},
    journal = {Army Research Laboratory},
    volume = {2},
    year = {September 2011},
    pages = {2 - 6}
}

@article{newlingmodel,
    ISSN = {00167428},
    author = {Bruce E. Newling},
    journal = {Geographical Review},
    number = {2},
    pages = {242--252},
    publisher = {[American Geographical Society, Wiley]},
    title = {The Spatial Variation of Urban Population Densities},
    volume = {59},
    year = {1969}
}

@online{DublinVIIRS,
    author = {Earth Observation Group, NOAA National Geophysical Data Center},
    title = {Nighttime Imagery of Dublin provided by the VIIRS 2018 (March) Radiance},
    year = {March 2018},
    url = {https://www.lightpollutionmap.info/#zoom=9&lat=7052493&lon=-696059&layers=B0TFFFFFFFF}
}

@online{MaduraiVIIRS,
    author = {Earth Observation Group, NOAA National Geophysical Data Center},
    title = {Nighttime Imagery of Madurai provided by the VIIRS 2018 (March) Radiance},
    year = {March 2018},
    url = {https://www.lightpollutionmap.info/#zoom=10&lat=1110319&lon=8696742&layers=B0TFFFFFFFF}
}

@article{calculatelux,
    author = {NLPIP},
    title = {How sky glow is measured or calculated}, 
    year = {February 2007},
    volume = {7},
    number = {2},
}

@online{zenith,
    author = {Oxford Dictionary of English},
    title = {Zenith}, 
    year = {accessed 2018-12-10},
    url = {https://en.oxforddictionaries.com/definition/zenith}
}

@book{am4,
    title = {Active Maths 4}, 
    publisher = {Folens Publisher},
    author = {Michael Keating}, 
    year = {2012}
}

@article{r,
    title = {The SAGE Encyclopedia of Social Science Research Methods},
    author = {Peter Chen and Autumn Krauss},
    year = {2004},
    publisher = {SAGE Publications, Inc.},
    pages = {808-810}
}

@online{github,
    author = {Conor Casey},
    title = {Photopollution Calculator},
    year = {2019},
    url = {https://github.com/conorcaseyc/Photopollution-Calculator}
}

@online{play_store,
    author = {Conor Casey},
    title = {Photopollution Calculator},
    year = {2019},
    url = {https://play.google.com/store/apps/details?id=com.app.photopollutioncalculator}
}

@manual{QGIS_software,
    title = {QGIS Geographic Information System},
    author = {{QGIS Development Team}},
    organization = {Open Source Geospatial Foundation},
    year = {2009},
    url = {http://qgis.osgeo.org},
}

@online{VIIRS_compare,
    author = {Earth Observation Group, NOAA National Geophysical Data Center},
    title = {Nighttime Imagery of Ireland provided by the VIIRS 2018 (9th, of March 2018) Radiance},
    year = {March 2018},
    url = {https://www.lightpollutionmap.info/#zoom=9&lat=7052493&lon=-696059&layers=B0TFFFFFFFF}
}

@online{telescope,
    author = {Ktec Telescopes},
    title = {Celestron Astromaster 102AZ with 20 mm telescope eyepiece lens},
    year = {accessed 2018-11-25},
    url = {http://www.ktectelescopes.ie/Christmas-Gift-Ideas/Christmas-Gift-Ideas-Telescopes-Under-250/celestron-astromaster-102az.html}
}

@online{photometer,
    author = {Elena Polyanskaya},
    title = {Lux Light Meter Pro},
    year = {accessed 2018-11-25},
    url = {https://itunes.apple.com/ie/app/lux-light-meter-pro/id1292598866?mt=8}
}

@online{purple_toshiba,
    author = {Toshiba},
    title = {Toshiba Satellite L50-B-1NM},
    year = {accessed 2018-11-25},
    url = {http://www.toshiba.ie/discontinued-products/satellite-l50-b-1nm/}
}

@techreport{python,
    title= {Python tutorial}, 
    author = {G. van Rossum}, 
    number = {CS-R9526}, 
    institution = {Centrum voor Wiskunde en Informatica (CWI)}, 
    year= {1995}, 
    address={Amsterdam}, 
    month={May} 
}

@misc{scipy,
  author =  {Eric Jones and Travis Oliphant and Pearu Peterson and others},
  title = {{SciPy}: Open source scientific tools for {Python}},
  year = {2001--},
  url = "http://www.scipy.org/",
  note = {[Online; accessed 2018-12-31]}
}

@online{fab,
    author = {Renault},
    title = {Renault Clio},
    year = {2012},
    url = {https://www.renault.ie/vehicles/new-vehicles/clio.html}
}

@article{empirical,
    ISBN = {0824717937}, 
    author = {Carl W Hall, George W Hinman},
    title = {Dictionary of Energy},
    year = {1983},
    publisher = {CRC Press},
    pages = {84}, 
}

@online{boundaries,
    author = {Central Statistics Office},
    title = {Electoral Division Boundaries},
    year = {accessed 2018-12-21},
    url = {http://census.cso.ie/censusasp/saps/boundaries/eds_bound.htm}
}